@MISC{neuron,
	author = "Modificeret udgave af \url{http://en.wikipedia.org/wiki/File:Synapse_diag1.svg}",
	year = 2010,
	note = "Udgivet af Mouagip under Creative Commons Attribution-Share Alike 3.0 Unported license"
}

@MISC{roc:sensitivity,
	author = "\url{http://en.wikipedia.org/w/index.php?title=Sensitivity_and_specificity&oldid=432665475#Sensitivity}",
	note = "Udgivet under Creative Commons Attribution-Share Alike 3.0 Unported license"
}

@MISC{primes,
   author = "Charles Louis Xavier Joseph de la Vall{\'e}e Poussin",
   note = "A strong form of the prime number theorem, 19th century",
   year = 1879
   }

@INBOOK{chicago,
   title = "The Chicago Manual of Style",
   publisher = "University of Chicago Press",
   edition = "Thirteenth",
   year = 1982,
   pages = "400--401",
   key = "Chicago"
   }

@BOOK{texbook,
   author = "Donald E. Knuth",
   title= "The {{\TeX}book}",
   publisher = "Addison-Wesley",
   year = 1984
   }

@UNPUBLISHED{btxdoc,
   author = "Oren Patashnik",
   title = "{Using BibTeX}",
   note = "Documentation for general BibTeX users",
   month = jan,
   year = 1988
   }

@Article{Narendra_1990,
  author =       {K.S.Narendra and K.Parthsarathy},
  title =        {Identification and Control of Dynamical System
                  using Neural Networks},
  journal =      "IEENN",
  year =         {1990},
  volume =    {1},
  number =    {1},
  month =     {},
  pages =     {4-27},
  note =      {},
  annote =    {}
}
	
	